@Online {CoinGecko,
  title = {CoinGecko: Cryptocurrency Prices \& Market Capitalization},
  url = {https://www.coingecko.com/},
  urldate = {2020-11-29}
}
@inproceedings{zamyatin2019xclaim,
    author = {Zamyatin, Alexei and Harz, Dominik and Lind, Joshua and Panayiotou, Panayiotis and Gervais, Arthur and Knottenbelt, William},
    year = {2019},
    month = {03},
    pages = {193--210},
    title = {XCLAIM: Trustless, Interoperable, Cryp\-to\-cur\-ren\-cy-Backed Assets},
    doi = {10.1109/SP.2019.00085},
    booktitle={2019 IEEE Symposium on Security and Privacy (SP)},
    organization={IEEE}
}
@report{hopwood2016zcash,
    title = {Zcash Protocol Specification},
    author={Hopwood, Daira and Bowe, Sean and Hornby, Taylor and Wilcox, Nathan},
    date = {2020-11-06},
    url = {https://zips.z.cash/protocol/sapling.pdf},
    type={Technical specification},
    version={2020.1.15 [Overwinter+Sapling]},
    institution={Electric Coin Company}
}
@inproceedings{sasson2014zerocash,
    author = {Ben-Sasson, Eli and Chiesa, Alessandro and Garman, Christina and Green, Matthew and Miers, Ian and Tromer, Eran and Virza, Madars},
    year = {2014},
    month = {05},
    pages = {459--474},
    title = {Zerocash: Decentralized Anonymous Payments from Bitcoin},
    booktitle={2014 IEEE Symposium on Security and Privacy},
    organization={IEEE},
    doi = {10.1109/SP.2014.36}
}
@misc{sasson2014zerocash_ext,
    author = {Ben-Sasson, Eli and Chiesa, Alessandro and Garman, Christina and Green, Matthew and Miers, Ian and Tromer, Eran and Virza, Madars},
    year = {2014},
    month = {05},
    title = {Zerocash: Decentralized Anonymous Payments from Bitcoin (extended version)},
    howpublished = {Cryptology ePrint Archive: Report 2014/349},
    url = {https://eprint.iacr.org/2014/349},
}
@inproceedings {heilman2015eclipse,
    author = {Heilman, Ethan and Kendler, Alison and Zohar, Aviv and Goldberg, Sharon},
    title = {Eclipse Attacks on Bitcoin{\textquoteright}s Peer-to-Peer Network},
    booktitle = {24th {USENIX} Security Symposium ({USENIX} Security 15)},
    year = {2015},
    isbn = {978-1-939133-11-3},
    address = {Washington, D.C.},
    pages = {129--144},
    url = {https://www.usenix.org/conference/usenixsecurity15/technical-sessions/presentation/heilman},
    publisher = {{USENIX} Association},
    month = aug,
}
@article{eyal2014majority,
    author = {Eyal, Ittay and Sirer, Emin G\"{u}n},
    title = {Majority is Not Enough: Bitcoin Mining is Vulnerable},
    year = {2018},
    issue_date = {July 2018},
    publisher = {Association for Computing Machinery},
    address = {New York, NY, USA},
    volume = {61},
    number = {7},
    issn = {0001-0782},
    doi = {10.1145/3212998},
    journal = {Communications of the ACM},
    month = {06},
    pages = {95--102}
}
@Online {zindros_2019summa,
  title = {Summa Proofs Are Not Composable. NIPoPoWs and cross-chain transfers | by Dionysis Zindros | Medium},
  date = {2019-07-09},
  author = {Dionysis Zindros},
  url = {https://medium.com/@dionyziz/summa-proofs-are-not-composable-57b87825f428},
  urldate = {2020-11-12}
}
@article{xu2020eclipsed,
    author = {Xu, Guangquan and Guo, Bingjiang and Su, Chunhua and Zheng, Xi and Liang, Kaitai and Wong, Duncan and Wang, Hao},
    year = {2019},
    month = {09},
    pages = {101604},
    title = {Am I Eclipsed? A Smart Detector of Eclipse Attacks for Ethereum},
    volume = {88},
    journal = {Computers \& Security},
    doi = {10.1016/j.cose.2019.101604}
}
@techreport{wust2016ethereum,
  title={Ethereum eclipse attacks},
  author={W{\"u}st, Karl and Gervais, Arthur},
  year={2016},
  institution={ETH Zurich},
  doi={10.3929/ethz-a-010724205}
}
@misc{alangot2020decentralized,
    title={Decentralized Lightweight Detection of Eclipse Attacks on Bitcoin Clients},
    author={Alangot, Bithin and Reijsbergen, Daniel and Venugopalan, Sarad and Szalachowski, Pawel},
    year={2020},
    month = {07},
    eprint={2007.02287},
    archivePrefix={arXiv},
    primaryClass={cs.CR}
}
@article{8726819astraea,
    title={Astraea: A Decentralized Blockchain Oracle},
    author={Adler, John and Berryhill, Ryan and Veneris, Andreas and Poulos, Zissis and Veira, Neil and Kastania, Anastasia},
    journal={2018 IEEE International Conference on Internet of Things (iThings) and IEEE Green Computing and Communications (GreenCom) and IEEE Cyber, Physical and Social Computing (CPSCom) and IEEE Smart Data (SmartData)},
    year={2018},
    month = {07},
    pages={1145--1152},
    organization={IEEE},
    doi = {10.1109/Cybermatics_2018.2018.00207}
}
@report{ellis2017chainlink,
    title = {ChainLink: A Decentralized Oracle Network},
    author={Ellis, Steve and Juels, Ari and Nazarov, Sergey},
    date = {2017-09-04},
    version = {1.0},
    url = {https://link.smartcontract.com/whitepaper},
    type={White paper},
    institution={SmartContract ChainLink Ltd.}
}
@misc{peterson2015augur,
    title={Augur: a Decentralized Oracle and Prediction Market Platform},
    author={Peterson, Jack and Krug, Joseph and Zoltu, Micah and Williams, Austin K and Alexander, Stephanie},
    year = {2018},
    month = {02},
    eprint={1501.01042},
    archivePrefix={arXiv},
    primaryClass={cs.CR}
}
@article{lo2020reliabilityoracles,
    author = {Lo, Sin Kuang and Xu, Xiwei and Staples, Mark and Yao, Lina},
    year = {2020},
    month = {02},
    pages = {106582},
    title = {Reliability analysis for blockchain oracles},
    volume = {83},
    journal = {Computers \& Electrical Engineering},
    issn = {0045-7906},
    doi = {10.1016/j.compeleceng.2020.106582}
}
@article{2019circuitbreakers,
    author = {Sifat, Imtiaz Mohammad and Mohamad, Azhar},
    title = {Circuit breakers as market stability levers: A survey of research, praxis, and challenges},
    journal = {International Journal of Finance \& Economics},
    volume = {24},
    number = {3},
    pages = {1130--1169},
    doi = {10.1002/ijfe.1709},
    year = {2019},
    publisher={Wiley Online Library}
}
@article{fry2016negative,
    author = {Fry, John and Cheah, Jeremy Eng-Tuck},
    year = {2016},
    month = {02},
    pages = {343--352},
    title = {Negative bubbles and shocks in cryptocurrency markets},
    volume = {47},
    journal = {International Review of Financial Analysis},
    publisher={Elsevier},
    doi = {10.1016/j.irfa.2016.02.008}
}
@Online {sophonex_2019blackswan,
  title = {Does Cryptocurrency Have More Black Swan Events than Other Assets? | by SophonEX | SophonEX | Medium},
  date = {2019-03-01},
  author = {SophonEX},
  url = {https://medium.com/sophonexchange/does-cryptocurrency-have-more-black-swan-events-than-other-assets-c274ad26a5c2},
  urldate = {2020-11-12}
}
@article{cheah2015speculative,
    author = {Cheah, Jeremy Eng-Tuck and Fry, John},
    year = {2015},
    month = {02},
    pages = {32--36},
    title = {Speculative bubbles in Bitcoin markets? An empirical investigation into the fundamental value of Bitcoin},
    volume = {130},
    journal = {Economics Letters},
    doi = {10.1016/j.econlet.2015.02.029},
    publisher={Elsevier}
}
@techreport {loc2018regulation,
  title = {Regulation of Cryptocurrency Around the World},
  institution = {The Law Library of Congress, Global Legal Research Center},
  date = {2018-06},
  type = {Legal report},
  url = {https://www.loc.gov/law/help/cryptocurrency/cryptocurrency-world-survey.pdf},
  urldate = {2020-11-18}
}
@article{yeung2019regulation,
    author = {Yeung, Karen},
    year = {2019},
    month = {03},
    number={2},
    pages = {207--239},
    title = {Regulation by Blockchain: the Emerging Battle for Supremacy between the Code of Law and Code as Law},
    volume = {82},
    journal = {The Modern Law Review},
    publisher={Wiley Online Library},
    doi = {10.1111/1468-2230.12399}
}
@techreport{zamyatin2019sok,
    author = {Alexei Zamyatin and Mustafa Al-Bassam and Dionysis Zindros and Eleftherios Kokoris-Kogias and Pedro Moreno-Sanchez and Aggelos Kiayias and William J. Knottenbelt},
    title = {SoK: Communication Across Distributed Ledgers},
    howpublished = {Cryptology ePrint Archive, Report 2019/1128},
    year = {2019},
    month = {10},
    type = {Working paper},
    url = {https://eprint.iacr.org/2019/1128},
}
@Online {zipszip0308turnstiles,
  title = {Sprout to Sapling Migration},
  titleaddon = {Zcash Improvement Proposal 308},
  author = {Daira Hopwood and Eirik Ogilvie-Wigley},
  date = {2018-11-27},
  url = {https://zips.z.cash/zip-0308},
  urldate = {2020-12-16}
}
@Online {SprouttoSaplingMigration,
  title = {Sprout-to-Sapling Migration â€” Zcash Documentation 4.1.0 documentation},
  url = {https://zcash.readthedocs.io/en/latest/rtd_pages/sapling_turnstile.html},
  urldate = {2020-11-12}
}
@techreport{juels2019mixicles,
  title={Mixicles: Simple Private Decentralized Finance},
  author={Juels, Ari and Breidenbach, Lorenz and Coventry, Alex and Nazarov, Sergey and Ellis, Steve},
  date={2019-09-03},
  url={https://chain.link/mixicles.pdf},
  institution={SmartContract Chainlink Ltd.}
}
@article{Lahmiri2018LongrangeMDvolatility,
    title={Long-range memory, distributional variation and randomness of bitcoin volatility},
    author={Salim Lahmiri and Stelios Bekiros and Antonio Salvi},
    journal={Chaos Solitons \& Fractals},
    year={2018},
    volume={107},
    issn = "0960-0779",
    doi = "10.1016/j.chaos.2017.12.018",
    pages={43--48}
}
@article{CAPORALE2019143volatility,
    title = "Modelling volatility of cryptocurrencies using Markov-Switching GARCH models",
    journal = "Research in International Business and Finance",
    volume = "48",
    pages = "143--155",
    year = "2019",
    issn = "0275-5319",
    doi = "10.1016/j.ribaf.2018.12.009",
    author = "Guglielmo Maria Caporale and Timur Zekokh",
}
@inproceedings{herlihy2018accs,
    author = {Herlihy, Maurice},
    title = {Atomic Cross-Chain Swaps},
    year = {2018},
    isbn = {9781450357951},
    publisher = {Association for Computing Machinery},
    address = {New York, NY, USA},
    doi = {10.1145/3212734.3212736},
    booktitle = {Proceedings of the 2018 ACM Symposium on Principles of Distributed Computing},
    pages = {245--254},
    numpages = {10},
    location = {Egham, United Kingdom},
    series = {PODC '18}
}
@misc{teutsch2019retrofitting,
      title={Retrofitting a two-way peg between blockchains}, 
      author={Jason Teutsch and Michael Straka and Dan Boneh},
      year={2019},
      eprint={1908.03999},
      archivePrefix={arXiv},
      primaryClass={cs.CR}
}
@inproceedings{bentov2019tesseract,
    author = {Bentov, Iddo and Ji, Yan and Zhang, Fan and Breidenbach, Lorenz and Daian, Philip and Juels, Ari},
    title = {Tesseract: Real-Time Cryptocurrency Exchange Using Trusted Hardware},
    year = {2019},
    month = {11},
    isbn = {9781450367479},
    publisher = {Association for Computing Machinery},
    address = {New York, NY, USA},
    doi = {10.1145/3319535.3363221},
    booktitle = {Proceedings of the 2019 ACM SIGSAC Conference on Computer and Communications Security},
    pages = {1521--1538},
    numpages = {18},
    location = {London, United Kingdom},
    series = {CCS '19}
}
@report{nakamoto2008bitcoin,
  title={Bitcoin: A peer-to-peer electronic cash system},
  author={Nakamoto, Satoshi},
  year={2008},
  type={Bitcoin white paper},
  url={https://bitcoin.org/bitcoin.pdf}
}
@report{wood2014ethereum,
  title={Ethereum: A secure decentralised generalised transaction ledger},
  author={Wood, Gavin and others},
  type={Ethereum yellow paper},
  date={2020-09-05},
  version={3e2c089},
  url={https://ethereum.github.io/yellowpaper/paper.pdf},
}
@inproceedings{2017hijackingbtc,
    title={Hijacking Bitcoin: Routing Attacks on Cryptocurrencies},
    author={Apostolaki, Maria and Zohar, Aviv and Vanbever, Laurent},
    booktitle={2017 IEEE Symposium on Security and Privacy (SP)}, 
    year={2017},
    month = {05},
    pages={375--392},
    organization={IEEE},
    doi = {10.1109/SP.2017.29}
}
@misc{stewart2020grandpa,
      title={GRANDPA: a Byzantine Finality Gadget}, 
      author={Alistair Stewart and Eleftherios Kokoris-Kogia},
      year={2020},
      eprint={2007.01560},
      archivePrefix={arXiv},
      primaryClass={cs.DC}
}
@techreport{Back2014sidechains,
  title={Enabling Blockchain Innovations with Pegged Side\-chains},
  author={Adam Back and Matt Corallo and Luke Dashjr and Mark Friedenbach and Gregory Maxwell and A. Miller and A. Poelstra and Jorge Tim{\'o}n and Pieter Wuille},
  year={2014},
  url={https://blockchainlab.com/pdf/sidechains.pdf}
}
@InProceedings{schulte2019interop,
    author={Schulte, Stefan and Sigwart, Marten and Frauenthaler, Philipp and Borkowski, Michael},
    title="Towards Blockchain Interoperability",
    booktitle="Business Process Management: Blockchain and Central and Eastern Europe Forum",
    year="2019",
    publisher="Springer",
    address="Cham, Switzerland",
    pages="3--10",
    isbn="978-3-030-30429-4",
    doi={10.1007/978-3-030-30429-4_1}
}
@techreport{buterin2016interop,
  title={Chain Interoperability},
  author={Vitalik Buterin},
  date={2016-09-09},
  url={https://www.r3.com/wp-content/uploads/2017/06/chain_interoperability_r3.pdf}
}
@inproceedings{jin2018interop,
    author = {Jin, Hai and Dai, Xiaohai and Xiao, Jiang},
    year = {2018},
    month = {07},
    pages = {1203--1211},
    title = {Towards a Novel Architecture for Enabling Interoperability amongst Multiple Blockchains},
    booktitle={2018 IEEE 38th International Conference on Distributed Computing Systems}, 
    doi = {10.1109/ICDCS.2018.00120}
}
@mastersthesis{buchman2016tendermint,
  title={Tendermint: Byzantine Fault Tolerance in the Age of Blockchains},
  author={Buchman, Ethan},
  year={2016},
  url={http://hdl.handle.net/10214/9769}
}
@InProceedings{Kiayias2017ouroboros,
    author="Kiayias, Aggelos
    and Russell, Alexander
    and David, Bernardo
    and Oliynykov, Roman",
    editor="Katz, Jonathan
    and Shacham, Hovav",
    title="Ouroboros: A Provably Secure Proof-of-Stake Blockchain Protocol",
    booktitle="Advances in Cryptology -- CRYPTO 2017",
    year="2017",
    publisher="Springer International Publishing",
    address="Cham",
    pages="357--388",
    isbn="978-3-319-63688-7",
    doi={10.1007/978-3-319-63688-7_12}
}
@techreport{next2014whitepaper,
  title={Nxt Whitepaper},
  author={Nxt community},
  year={2014},
  url={https://www.r3.com/wp-content/uploads/2017/06/chain_interoperability_r3.pdf}
}
@Online {Ethereum2.0pos,
  title = {Ethereum Proof of Stake - EthHub},
  url = {https://docs.ethhub.io/ethereum-roadmap/ethereum-2.0/proof-of-stake/},
  urldate = {2020-11-17}
}
@techreport{tezos2014whitepaper,
  title={Tezos: a self-amending crypto-ledger},
  author={Goodman, LM},
  year={2014},
  url={https://tezos.com/static/white_paper-2dc8c02267a8fb86bd67a108199441bf.pdf}
}
@article{biryukov2017equihash,
    title={Equihash: Asymmetric Proof-of-Work Based on the Generalized Birthday Problem},
    volume={2},
    DOI={10.5195/ledger.2017.48},
    journal={Ledger},
    author={Biryukov, Alex and Khovratovich, Dmitry},
    year={2017},
    month={04},
    pages={1--30}
}
@misc{quesnelle2017linkability,
      title={On the linkability of Zcash transactions}, 
      author={Jeffrey Quesnelle},
      year={2017},
      eprint={1712.01210},
      archivePrefix={arXiv},
      primaryClass={cs.CR}
}
@inproceedings {kappos2018anonymity,
    author = {George Kappos and Haaroon Yousaf and Mary Maller and Sarah Meiklejohn},
    title = {An Empirical Analysis of Anonymity in Zcash},
    booktitle = {27th {USENIX} Security Symposium ({USENIX} Security 18)},
    year = {2018},
    isbn = {978-1-939133-04-5},
    address = {Baltimore, MD},
    pages = {463--477},
    url = {https://www.usenix.org/conference/usenixsecurity18/presentation/kappos},
    publisher = {{USENIX} Association},
    month = aug,
}
@report{nist2015shs,
  title={FIPS 180-4: Secure Hash Standard (SHS)},
  institution={NIST},
  year={2015},
  month={08},
  doi={NIST.FIPS.180-4}
}
@Online {BLAKE2bFeip152,
  title = {BLAKE2b `F` Compression Function Precompile Â· Issue \#152 Â· ethereum/EIPs Â· GitHub},
  url = {https://github.com/ethereum/EIPs/issues/152},
  urldate = {2020-11-25}
}
@Online {saplingTezos,
  title = {Sapling integration in Tezos - Tech Preview},
  date = {2019-12-24},
  url = {https://blog.nomadic-labs.com/sapling-integration-in-tezos-tech-preview.html},
  urldate = {2020-11-25}
}
@Online {WrappedZECGeneralZcashCommunityForum,
  title = {Wrapped ZEC - General - Zcash Community Forum},
  url = {https://forum.zcashcommunity.com/t/wrapped-zec/35331},
  urldate = {2020-11-25}
}
@Online {BLAKE2-2020-11-05,
  author = {Jean-Philippe Aumasson and Samuel Neves and Zooko Wilcox-O'Hearn and Christian Winnerlein},
  title = {BLAKE2 -- fast secure hashing},
  date = {2017-02-22},
  url = {https://www.blake2.net/#sp},
  urldate = {2020-12-26}
}
@book{rfc7693blake2,
title = "The BLAKE2 Cryptographic Hash and Message Authentication Code (MAC): IETF RFC 7693",
author = "Markku-Juhani Saarinen and Jean-Philippe Aumasson",
year = "2015",
month = 11,
doi = "10.17487/RFC7693",
series = "Request for Comments",
publisher = "Internet Engineering Task Force",
number = "7693",
}
@book{rfc7539chacha20,
	series =	{Request for Comments},
	number =	7539,
	publisher =	{Internet Engineering Task Force},
	doi =		{10.17487/RFC7539},
    author =	{Yoav Nir and Adam Langley},
	title =		{{ChaCha20 and Poly1305 for IETF Protocols}},
	year =		2015,
	month =		may,
}
@misc{rondelet2019zeth,
      title={ZETH: On Integrating Zerocash on Ethereum}, 
      author={Antoine Rondelet and Michal Zajac},
      year={2019},
      eprint={1904.00905},
      archivePrefix={arXiv},
      primaryClass={cs.CR}
}
@Online {ZSLConsenSysquorumWikiGitHub-2020-11-27,
  title = {ZSL Â· ConsenSys/quorum Wiki Â· GitHub},
  url = {https://github.com/ConsenSys/quorum/wiki/ZSL},
  urldate = {2020-11-27}
}
@report{williamson2018aztec,
  title={The AZTEC Protocol},
  author={Williamson, Zachary J.},
  url={https://github.com/AztecProtocol/AZTEC/raw/master/AZTEC.pdf},
  year={2018},
  month={12}
}
@misc{phantom2020,
    author = {Xing Li and Yi Zheng and Kunxian Xia and Tongcheng Sun and John Beyler},
    title = {Phantom: An Efficient Privacy Protocol Using zk-SNARKs Based on Smart Contracts},
    howpublished = {Cryptology ePrint Archive, Report 2020/156},
    year = {2020},
    url = {https://eprint.iacr.org/2020/156},
}
@Online {powzcashGithub,
  title = {Plan how to change the proof-of-work Â· Issue \#1211 Â· zcash/zcash Â· GitHub},
  url = {https://github.com/zcash/zcash/issues/1211},
  urldate = {2020-11-27}
}
@Online {zipszip0221flyclient,
  title = {FlyClient - Consensus-Layer Changes},
  titleaddon = {Zcash Improvement Proposal 221},
  author = {Ying Tong Lai and James Prestwich and Georgios Konstantopoulos},
  date = {2019-03-30},
  url = {https://zips.z.cash/zip-0221},
  urldate = {2020-11-27}
}
@INPROCEEDINGS{buenz2020flyclient,
  author={B. {B\"unz} and L. {Kiffer} and L. {Luu} and M. {Zamani}},
  booktitle={2020 IEEE Symposium on Security and Privacy (SP)}, 
  title={FlyClient: Super-Light Clients for Cryptocurrencies}, 
  year={2020},
  volume={},
  number={},
  pages={928-946},
  doi={10.1109/SP40000.2020.00049}
}
@Online {GitHubZcashFoundationzebra,
  title = {GitHub - ZcashFoundation/zebra: An ongoing Rust implementation of a Zcash node},
  url = {https://github.com/ZcashFoundation/zebra},
  urldate = {2020-11-27}
}
@Online {librustzcash,
  title = {GitHub - zcash/librustzcash: Rust-language assets for Zcash},
  url = {https://github.com/zcash/librustzcash},
  urldate = {2020-11-27}
}
@Online {GitHubparitytechparityzcashRustimplementationofZcashprotocol-2020-11-27,
  title = {GitHub - paritytech/parity-zcash: Rust implementation of Zcash protocol},
  url = {https://github.com/paritytech/parity-zcash},
  urldate = {2020-11-27}
}
@Online {GithubBtcRelay,
  title = {GitHub - ethereum/btcrelay: Ethereum contract for Bitcoin SPV: Live on https://etherscan.io/address/0x41f27...},
  url = {https://github.com/ethereum/btcrelay},
  urldate = {2020-12-02}
}
@misc{bowe2017bls12,
    author = {Sean Bowe and Ariel Gabizon and Ian Miers},
    title = {Scalable Multi-party Computation for zk-SNARK Parameters in the Random Beacon Model},
    howpublished = {Cryptology ePrint Archive, Report 2017/1050},
    year = {2017},
    url = {https://eprint.iacr.org/2017/1050},
}
@Online {bowe2017bls12github,
  title = {pairing/src/bls12\_381 at e72660056e00c93d6b054dfb08ff34a1c67cb799 Â· zkcrypto/pairing Â· GitHub},
  url = {https://github.com/zkcrypto/pairing/tree/e72660056e00c93d6b054dfb08ff34a1c67cb799/src/bls12_381},
  urldate = {2020-12-09}
}
@Online {SPVBitcoinWiki,
  title = {Simplified Payment Verification (SPV) â€“ BitcoinWiki},
  url = {https://en.bitcoinwiki.org/wiki/Simplified_Payment_Verification},
  urldate = {2020-12-05}
}
@Online {ProjectAlchemyEthereumZcashIntegrationeffort,
  title = {GitHub - ConsenSys/Project-Alchemy: Ethereum-Zcash Integration effort},
  url = {https://github.com/ConsenSys/Project-Alchemy},
  urldate = {2020-12-05}
}
@Online {GitHubPeaceRelay,
  title = {GitHub - KyberNetwork/peace-relay: PeaceRelay: Connecting the Ethereum blockchains},
  url = {https://github.com/KyberNetwork/peace-relay},
  urldate = {2020-12-07}
}
@Online {RenBridgeFAQDarknodes-2020-12-08,
  title = {RenBridge FAQ - Darknodes},
  url = {https://docs.renproject.io/darknodes/faq/renbridge-faq},
  urldate = {2020-12-09}
}
@Online {WrappedBitcoinWBTCCoinList,
  title = {Wrapped Bitcoin (WBTC) - CoinList},
  url = {https://coinlist.co/asset/wrapped-bitcoin},
  urldate = {2020-12-09}
}
@Online {DepositProcessingTimesCoinbase,
  title = {Why is my transaction "pending"? | Coinbase Help},
  url = {https://help.coinbase.com/en/coinbase/trading-and-funding/sending-or-receiving-cryptocurrency/why-is-my-transaction-pending},
  urldate = {2020-12-13}
}
@Online {DepositProcessingTimesKraken,
  title = {Cryptocurrency deposit processing times â€“ Kraken},
  url = {https://support.kraken.com/hc/en-us/articles/203325283-Cryptocurrency-deposit-processing-times},
  urldate = {2020-12-13}
}
@Online {BlossomZcash,
  title = {Blossom - Zcash},
  url = {https://z.cash/upgrade/blossom/},
  urldate = {2020-12-13}
}
@Online {DepositProcessingTimesGemini,
  title = {How long until my digital asset deposit reaches my account? â€“ Support | Gemini},
  url = {https://support.gemini.com/hc/en-us/articles/205424836-How-long-until-my-digital-asset-deposit-reaches-my-account},
  urldate = {2020-12-13}
}
@Online {ZIP243,
  title = {Transaction Signature Validation for Sapling},
  titleaddon = {Zcash Improvement Proposal 243},
  author = {Jack Grigg and Daira Hopwood},
  date = {2018-04-10},
  url = {https://zips.z.cash/zip-0243},
  urldate = {2020-12-16}
}
@Online {HeartwoodZcash,
  title = {Heartwood - Zcash},
  url = {https://z.cash/upgrade/heartwood/},
  urldate = {2020-12-19}
}
@inproceedings{harz2019balance,
  author = {Harz, Dominik and Gudgeon, Lewis and Gervais, Arthur and Knottenbelt, William J.},
  title = {Balance: Dynamic Adjustment of Cryptocurrency Deposits},
  year = {2019},
  isbn = {9781450367479},
  publisher = {Association for Computing Machinery},
  address = {New York, NY, USA},
  doi = {10.1145/3319535.3354221},
  booktitle = {Proceedings of the 2019 ACM SIGSAC Conference on Computer and Communications Security},
  pages = {1485â€“1502},
  numpages = {18},
  location = {London, United Kingdom},
  series = {CCS '19}
}
@Online {githubPegzone,
  title = {GitHub - ZcashFoundation/zcash-pegzone: A shielded pegzone bridging Cosmos and Zcash.},
  url = {https://github.com/ZcashFoundation/zcash-pegzone},
  urldate = {2020-12-19}
}
@Online {HomerenprojectrenWikiGitHub,
  title = {Home Â· renproject/ren Wiki Â· GitHub},
  url = {https://github.com/renproject/ren/wiki},
  urldate = {2020-12-19}
}
@misc{nissl2020crossblockchain,
      title={Towards Cross-Blockchain Smart Contracts}, 
      author={Markus Nissl and Emanuel Sallinger and Stefan Schulte and Michael Borkowski},
      year={2020},
      eprint={2010.07352},
      archivePrefix={arXiv},
      primaryClass={cs.CR}
}
@Online {GitHubtrustlesscrosssysteminteractionIon,
  title = {GitHub - clearmatics/ion: General interoperability framework for trustless cross-system interaction},
  url = {https://github.com/clearmatics/ion},
  urldate = {2020-12-19}
}
@report{cosmosWhitepaper,
    title = {Cosmos: A Network of Distributed Ledgers},
    author={Jae Kwon and Ethan Buchman},
    url = {https://cosmos.network/cosmos-whitepaper.pdf},
    type={White paper},
    institution={Tendermint Inc.}
}
@misc{BTCXMRatomicswaps,
    author = {Jo\"el Gugger},
    title = {Bitcoin-Monero Cross-chain Atomic Swap},
    howpublished = {Cryptology ePrint Archive, Report 2020/1126},
    year = {2020},
    url = {https://eprint.iacr.org/2020/1126},
}
@Online {CCSMoneroAtomicSwapsimplementationfunding,
  title = {CCS - Monero Atomic Swaps implementation funding},
  date = {2020-09},
  url = {https://ccs.getmonero.org/proposals/h4sh3d-atomic-swap-implementation.html},
  urldate = {2020-12-22}
}
@Online {Wrapped,
  title = {Wrapped},
  author = {Tokensoft Inc.},
  url = {https://www.wrapped.com/wzec.html},
  urldate = {2020-12-22}
}
@report{uniswap,
    title = {Uniswap v2 Core},
    date = {2020-03},
    author = {Hayden Adams and Noah Zinsmeister and Dan Robinson},
    url = {https://uniswap.org/whitepaper.pdf},
    type={White paper},
}
@report{0xwhitepaper,
    title = {0x: An open protocol for decentralized exchange on the Ethereum blockchain},
    date = {2017-02-21},
    author = {Will Warren and Amir Bandeali},
    url = {https://0x.org/pdfs/0x_white_paper.pdf},
    institution = {0x Project},
    type={White paper},
}
@Online {ECCreleasescodeforHalo2,
  title = {ECC releases code for Halo 2 - Electric Coin Company},
  url = {https://electriccoin.co/blog/ecc-releases-code-for-halo-2/},
  urldate = {2020-12-27}
}
@Online {AboutusZcashOpenMajorGrantsZOMG,
  title = {About us - Zcash Open Major Grants (ZOMG)},
  url = {https://zcashomg.org/},
  urldate = {2020-12-27}
}